<?xml version='1.0' encoding='utf-8'?>
<record xmlns="http://www.loc.gov/MARC21/slim" xmlns:xsi="http://www.w3.org/2001/XMLSchema-instance">
  <leader>00000npcaa22003851a^4500</leader>
  <controlfield tag="001">002745976</controlfield>
  <controlfield tag="005">20100713150105.0</controlfield>
  <controlfield tag="007">hdoafb---bcca</controlfield>
  <controlfield tag="007">hdobfb---baca</controlfield>
  <controlfield tag="008">940131i18841946miu^^^^^a^^^^^^^^^^^eng^|</controlfield>
  <datafield tag="035" ind1=" " ind2=" ">
    <subfield code="a">(RLIN)MIUV90-A42</subfield>
  </datafield>
  <datafield tag="035" ind1=" " ind2=" ">
    <subfield code="a">(OCoLC)ocm34420434</subfield>
  </datafield>
  <datafield tag="040" ind1=" " ind2=" ">
    <subfield code="a">MiU-H</subfield>
    <subfield code="c">MiU-H</subfield>
    <subfield code="e">appm</subfield>
  </datafield>
  <datafield tag="245" ind1="0" ind2="0">
    <subfield code="a">Ladies Aid Societies records,</subfield>
    <subfield code="f">1884-1946.</subfield>
  </datafield>
  <datafield tag="300" ind1=" " ind2=" ">
    <subfield code="a">2 microfilm reels :</subfield>
    <subfield code="b">positive.</subfield>
  </datafield>
  <datafield tag="300" ind1=" " ind2=" ">
    <subfield code="a">2 microfilm reels :</subfield>
    <subfield code="b">negative.</subfield>
  </datafield>
  <datafield tag="520" ind1=" " ind2=" ">
    <subfield code="a">Minutes, histories, and other records of ladies aid societies taken from the records of Bethlehem United Church of Christ, Zion Lutheran Church, and the Ladies Arbeiter Aid Society, all of Ann Arbor, Michigan.</subfield>
  </datafield>
  <datafield tag="500" ind1=" " ind2=" ">
    <subfield code="a">Donor: 5753, 5827, 6540, 6828</subfield>
  </datafield>
  <datafield tag="610" ind1="2" ind2="0">
    <subfield code="a">Bethlehem United Church of Christ (Ann Arbor, Mich.)</subfield>
  </datafield>
  <datafield tag="610" ind1="2" ind2="0">
    <subfield code="a">Ladies Arbeiter Aid Society (Ann Arbor, Mich.)</subfield>
  </datafield>
  <datafield tag="610" ind1="2" ind2="0">
    <subfield code="a">Zion Lutheran Church (Ann Arbor, Mich.)</subfield>
  </datafield>
  <datafield tag="773" ind1="0" ind2=" ">
    <subfield code="w">(CStRLIN)MIUV86-A775</subfield>
  </datafield>
  <datafield tag="773" ind1="0" ind2=" ">
    <subfield code="w">(CStRLIN)MIUV86-A783</subfield>
  </datafield>
  <datafield tag="773" ind1="0" ind2=" ">
    <subfield code="w">(CStRLIN)MIUV85-A33</subfield>
  </datafield>
  <datafield tag="776" ind1="1" ind2=" ">
    <subfield code="a">Ladies Arbeiter Aid Society (Ann Arbor, Mich</subfield>
    <subfield code="t">Ladies Arbeiter Aid Society records</subfield>
    <subfield code="w">APJ8939</subfield>
  </datafield>
  <datafield tag="776" ind1="1" ind2=" ">
    <subfield code="a">Bethlehem United Church of Christ (Ann Arbor, Mich</subfield>
    <subfield code="t">Bethlehem United Church of Christ records</subfield>
    <subfield code="w">APK0546</subfield>
  </datafield>
  <datafield tag="776" ind1="1" ind2=" ">
    <subfield code="a">Zion Lutheran Church (Ann Arbor, Mich</subfield>
    <subfield code="t">Zion Lutheran Church records</subfield>
    <subfield code="w">APK0555</subfield>
  </datafield>
  <datafield tag="852" ind1="8" ind2=" ">
    <subfield code="a">MiU-H</subfield>
    <subfield code="b">BENT</subfield>
    <subfield code="h">90159 Ba microcopy</subfield>
  </datafield>
  <datafield tag="998" ind1=" " ind2=" ">
    <subfield code="s">9554</subfield>
  </datafield>
  <datafield tag="LKR" ind1=" " ind2=" ">
    <subfield code="a">UP</subfield>
    <subfield code="b">002742296</subfield>
    <subfield code="l">MIU01</subfield>
    <subfield code="r">773</subfield>
    <subfield code="m">Ladies Aid Societies records,</subfield>
    <subfield code="n">Bethlehem United Church of Christ records,</subfield>
  </datafield>
  <datafield tag="955" ind1=" " ind2=" ">
    <subfield code="b">BENT</subfield>
    <subfield code="p">B1061061</subfield>
  </datafield>
</record>
